@article{aloui2011global,
  title={Global financial crisis, extreme interdependences, and contagion effects: The role of economic structure?},
  author={Aloui, Riadh and A{\"\i}ssa, Mohamed Safouane Ben and Nguyen, Duc Khuong},
  journal={Journal of Banking \& Finance},
  volume={35},
  number={1},
  pages={130--141},
  year={2011},
  publisher={Elsevier}
}


@article{may1972will,
  title={Will a large complex system be stable?},
  author={May, Robert M},
  journal={Nature},
  volume={238},
  number={5364},
  pages={413--414},
  year={1972},
  publisher={Nature Publishing Group}
}

@article{haldane2011systemic,
  title={Systemic risk in banking ecosystems},
  author={Haldane, Andrew G and May, Robert M},
  journal={Nature},
  volume={469},
  number={7330},
  pages={351--355},
  year={2011},
  publisher={Nature Publishing Group}
}

@article{bisias2012survey,
  title={A survey of systemic risk analytics},
  author={Bisias, Dimitrios and Flood, Mark and Lo, Andrew W and Valavanis, Stavros},
  journal={Annu. Rev. Financ. Econ.},
  volume={4},
  number={1},
  pages={255--296},
  year={2012},
  publisher={Annual Reviews}
}

@article{acemoglu2015systemic,
  title={Systemic risk and stability in financial networks},
  author={Acemoglu, Daron and Ozdaglar, Asuman and Tahbaz-Salehi, Alireza},
  journal={American Economic Review},
  volume={105},
  number={2},
  pages={564--608},
  year={2015}
}

@article{elliott2014financial,
  title={Financial networks and contagion},
  author={Elliott, Matthew and Golub, Benjamin and Jackson, Matthew O},
  journal={American Economic Review},
  volume={104},
  number={10},
  pages={3115--53},
  year={2014}
}



@article{billio2012econometric,
  title={Econometric measures of connectedness and systemic risk in the finance and insurance sectors},
  author={Billio, Monica and Getmansky, Mila and Lo, Andrew W and Pelizzon, Loriana},
  journal={Journal of financial economics},
  volume={104},
  number={3},
  pages={535--559},
  year={2012},
  publisher={Elsevier}
}


@article{diebold2014network,
  title={On the network topology of variance decompositions: Measuring the connectedness of financial firms},
  author={Diebold, Francis X and Y{\i}lmaz, Kamil},
  journal={Journal of Econometrics},
  volume={182},
  number={1},
  pages={119--134},
  year={2014},
  publisher={Elsevier}
}