@article{aloui2011global,
  title={Global financial crisis, extreme interdependences, and contagion effects: The role of economic structure?},
  author={Aloui, Riadh and A{\"\i}ssa, Mohamed Safouane Ben and Nguyen, Duc Khuong},
  journal={Journal of Banking \& Finance},
  volume={35},
  number={1},
  pages={130--141},
  year={2011},
  publisher={Elsevier}
}


@article{may1972will,
  title={Will a large complex system be stable?},
  author={May, Robert M},
  journal={Nature},
  volume={238},
  number={5364},
  pages={413--414},
  year={1972},
  publisher={Nature Publishing Group}
}

@article{haldane2011systemic,
  title={Systemic risk in banking ecosystems},
  author={Haldane, Andrew G and May, Robert M},
  journal={Nature},
  volume={469},
  number={7330},
  pages={351--355},
  year={2011},
  publisher={Nature Publishing Group}
}

@article{bisias2012survey,
  title={A survey of systemic risk analytics},
  author={Bisias, Dimitrios and Flood, Mark and Lo, Andrew W and Valavanis, Stavros},
  journal={Annu. Rev. Financ. Econ.},
  volume={4},
  number={1},
  pages={255--296},
  year={2012},
  publisher={Annual Reviews}
}

@article{acemoglu2015systemic,
  title={Systemic risk and stability in financial networks},
  author={Acemoglu, Daron and Ozdaglar, Asuman and Tahbaz-Salehi, Alireza},
  journal={American Economic Review},
  volume={105},
  number={2},
  pages={564--608},
  year={2015}
}

@article{elliott2014financial,
  title={Financial networks and contagion},
  author={Elliott, Matthew and Golub, Benjamin and Jackson, Matthew O},
  journal={American Economic Review},
  volume={104},
  number={10},
  pages={3115--53},
  year={2014}
}



@article{billio2012econometric,
  title={Econometric measures of connectedness and systemic risk in the finance and insurance sectors},
  author={Billio, Monica and Getmansky, Mila and Lo, Andrew W and Pelizzon, Loriana},
  journal={Journal of financial economics},
  volume={104},
  number={3},
  pages={535--559},
  year={2012},
  publisher={Elsevier}
}


@article{diebold2014network,
  title={On the network topology of variance decompositions: Measuring the connectedness of financial firms},
  author={Diebold, Francis X and Y{\i}lmaz, Kamil},
  journal={Journal of Econometrics},
  volume={182},
  number={1},
  pages={119--134},
  year={2014},
  publisher={Elsevier}
}


@article{diebold2006forecasting,
  title={Forecasting the term structure of government bond yields},
  author={Diebold, Francis X and Li, Canlin},
  journal={Journal of econometrics},
  volume={130},
  number={2},
  pages={337--364},
  year={2006},
  publisher={Elsevier}
}

@article{nelson1987parsimonious,
  title={Parsimonious modeling of yield curves},
  author={Nelson, Charles R and Siegel, Andrew F},
  journal={Journal of business},
  pages={473--489},
  year={1987},
  publisher={JSTOR}
}

@article{litterman1991common,
  title={Common factors affecting bond returns},
  author={Litterman, Robert and Scheinkman, Jose},
  journal={Journal of fixed income},
  volume={1},
  number={1},
  pages={54--61},
  year={1991}
}

@article{toda1995statistical,
  title={Statistical inference in vector autoregressions with possibly integrated processes},
  author={Toda, Hiro Y and Yamamoto, Taku},
  journal={Journal of econometrics},
  volume={66},
  number={1-2},
  pages={225--250},
  year={1995},
  publisher={Elsevier}
}

@article{granger1969investigating,
  title={Investigating causal relations by econometric models and cross-spectral methods},
  author={Granger, Clive WJ},
  journal={Econometrica: journal of the Econometric Society},
  pages={424--438},
  year={1969},
  publisher={JSTOR}
}

@article{dickey1979distribution,
  title={Distribution of the estimators for autoregressive time series with a unit root},
  author={Dickey, David A and Fuller, Wayne A},
  journal={Journal of the American statistical association},
  volume={74},
  number={366a},
  pages={427--431},
  year={1979},
  publisher={Taylor \& Francis}
}

@article{said1984testing,
  title={Testing for unit roots in autoregressive-moving average models of unknown order},
  author={Said, Said E and Dickey, David A},
  journal={Biometrika},
  volume={71},
  number={3},
  pages={599--607},
  year={1984},
  publisher={Oxford University Press}
}

@article{phillips1988testing,
  title={Testing for a unit root in time series regression},
  author={Phillips, Peter CB and Perron, Pierre},
  journal={Biometrika},
  volume={75},
  number={2},
  pages={335--346},
  year={1988},
  publisher={Oxford University Press}
}

@article{kwiatkowski1992testing,
  title={Testing the null hypothesis of stationarity against the alternative of a unit root: How sure are we that economic time series have a unit root?},
  author={Kwiatkowski, Denis and Phillips, Peter CB and Schmidt, Peter and Shin, Yongcheol},
  journal={Journal of econometrics},
  volume={54},
  number={1-3},
  pages={159--178},
  year={1992},
  publisher={Elsevier}
}

@misc{akaike1973second,
  title={Second international symposium on information theory},
  author={Akaike, Hirotsugu and Petrov, Boris Nikolaevich and Csaki, F},
  year={1973},
  publisher={Akad{\'e}miai Kiad{\'o}, Budapest}
}

@article{akaike1970statistical,
  title={Statistical predictor identification},
  author={Akaike, Hirotugu},
  journal={Annals of the institute of Statistical Mathematics},
  volume={22},
  number={1},
  pages={203--217},
  year={1970},
  publisher={Springer}
}

@article{schwarz1978estimating,
  title={Estimating the dimension of a model},
  author={Schwarz, Gideon and others},
  journal={Annals of statistics},
  volume={6},
  number={2},
  pages={461--464},
  year={1978},
  publisher={Institute of Mathematical Statistics}
}

@article{hannan1979determination,
  title={The determination of the order of an autoregression},
  author={Hannan, Edward J and Quinn, Barry G},
  journal={Journal of the Royal Statistical Society: Series B (Methodological)},
  volume={41},
  number={2},
  pages={190--195},
  year={1979},
  publisher={Wiley Online Library}
}

@article{wilks1938large,
  title={The large-sample distribution of the likelihood ratio for testing composite hypotheses},
  author={Wilks, Samuel S},
  journal={The annals of mathematical statistics},
  volume={9},
  number={1},
  pages={60--62},
  year={1938},
  publisher={JSTOR}
}

@article{silvey1959lagrangian,
  title={The Lagrangian multiplier test},
  author={Silvey, Samuel D},
  journal={The Annals of Mathematical Statistics},
  volume={30},
  number={2},
  pages={389--407},
  year={1959},
  publisher={JSTOR}
}